
@article{Otsu1979A,
  title={A thresholding selection method from gray-level histogram},
  author={Otsu, N},
  journal={IEEE Transactions on Systems Man and Cybernetics},
  volume={9},
  number={1},
  pages={62-66},
  year={1979},
}

@article{Tsai1985Moment,
  title={Moment-preserving thresolding: A new approach},
  author={Tsai, Wen Hsiang},
  journal={Computer Vision Graphics & Image Processing},
  volume={29},
  number={3},
  pages={377-393},
  year={1985},
}

@article{Huang1995Image,
  title={Image thresholding by minimizing the measures of fuzziness},
  author={Huang, Liang Kai and Wang, Mao Jiun J.},
  journal={Pattern Recognit},
  volume={28},
  number={1},
  pages={41-51},
  year={1995},
}

@article{Al2009Error,
  author = "Al-Sharadqah, Ali and Chernov, Nikolai",
  doi = "10.1214/09-EJS419",
  fjournal = "Electronic Journal of Statistics",
  journal = "Electron. J. Statist.",
  pages = "886--911",
  publisher = "The Institute of Mathematical Statistics and the Bernoulli Society",
  title = "Error analysis for circle fitting algorithms",
  url = "https://doi.org/10.1214/09-EJS419",
  volume = "3",
  year = "2009"
}

@www{KernelWiki,
  title = {Kernel (image processing)},
  url = {https://en.wikipedia.org/wiki/Kernel_(image_processing)},
  urldate = {2018-06-06},
  date = {2018-05-22}
}

@www{CannyWiki,
  title = {Canny edge detector},
  url = {https://en.wikipedia.org/wiki/Canny_edge_detector},
  urldate = {2018-06-06},
  date = {2018-05-23}
}

@www{MeanShiftWiki,
  title = {Mean shift},
  url = {https://en.wikipedia.org/wiki/Mean_shift},
  urldate = {2018-06-06},
  date = {2018-05-16}
}
